@Article{kosiezettersten2024,
  title = {ManyBabies 5: A large-scale investigation of the proposed shift from familiarity preference to novelty preference in infant looking time},
  author = {Kosie, J.E. & Zetterten, M., et al.},
  journal = {PsyArXiv},
  year = {2024},
  doi = {10.31234/osf.io/ck3vd},
}
