@article{knuth84,
  author = {Knuth, Donald E.},
  title = {Literate Programming},
  year = {1984},
  issue_date = {May 1984},
  publisher = {Oxford University Press, Inc.},
  address = {USA},
  volume = {27},
  number = {2},
  issn = {0010-4620},
  url = {https://doi.org/10.1093/comjnl/27.2.97},
  doi = {10.1093/comjnl/27.2.97},
  journal = {Comput. J.},
  month = may,
  pages = {97–111},
  numpages = {15}
}



@article{kosie,
	title = {ManyBabies 5: A large-scale investigation of the proposed shift from familiarity preference to novelty preference in infant looking time},
	author = {Kosie, Jessica and Zettersten, Martin and Abu-Zhaya, Rana and Amso, Dima and Babineau, Mireille and Baumgartner, Heidi and Bazhydai, Marina and Belia, Margherita and Benavides, Silvia and Bergmann, Christina and Berteletti, Ilaria and Black, Alexis K. and Borges, Priscila and Borovsky, Arielle and Byers-Heinlein, Krista and Cabrera, Laurianne and Calignano, Giulia and Cao, Anjie and Cox, Christopher Martin Mikkelsen and Ben, Rodrigo Dal and Dautriche, Isabelle and DeBolt, Michaela and Exner, Anna and Fisher-Thompson, Donna and Frank, Michael C. and {Gönül}, {Gökhan} and Gonzalez-Gomez, Nayeli and Wiesmann, Charlotte Grosse and Hamlin, Kiley and Havron, Naomi and Hochmann, {Jean-Rémy} and Hoehl, Stefanie and Houston-Price, Carmel and Kachergis, George and Kaldy, Zsuzsa and Kingo, Osman and Ko, Eon-Suk and Kong, Shannon P. and {Krøjgaard}, Peter and Liu, Shari and Lu, Helen Shiyang and Maganti, Madhavilatha and Mather, Emily and Mayor, Julien and McMillan, Brianna and Molnar, Monika T. and Moreau, David and Moriguchi, Yusuke and Moulson, Margaret and Mueller, Jutta and Oakes, Lisa and Peperkamp, Sharon and Peykarjou, Stefanie and Pires, {Mónica Taveira} and Raz, Gal and Requena, Pablo E. and Rocha-Hidalgo, Joscelin and Saffran, Jenny and Schaetz, Christina and Schuwerk, Tobias and Shinskey, Jeanne L. and Simpson, Elizabeth and Singh, Leher and Smolak, Erin and Soderstrom, Melanie and Sonne, Trine and Ssemata, Andrew Sentoogo and Visser, Ingmar and Holzen, Katie Von and Waxman, Sandra and Westermann, Gert and White, Katherine and Carr, Kali L. Woodruff and Zahner-Ritter, Katharina and Zeidler, Henriette and Zimmer, Lucie and Zupan, Zorana and Lew-Williams, Casey},
	doi = {10.31234/osf.io/ck3vd},
	langid = {en-us}
}

@inbook{hunter1988,
	title = {A multifactor model of infant preferences for novel and familiar stimuli},
	author = {Hunter, Michael A. and Ames, Elinor W.},
	year = {1988},
	date = {1988},
	publisher = {Ablex Publishing},
	pages = {69--95},
	address = {Westport, CT, US}
}

@article{barry2014,
	title = {Meet the Fribbles: novel stimuli for use within behavioural research},
	author = {Barry, Tom J. and Griffith, James W. and De Rossi, Stephanie and Hermans, Dirk},
	journal = {Frontiers in Psychology},
	volume = {5},
	year = {2014},
	doi = {10.3389/fpsyg.2014.00103},
	langid = {en-us}
}

@article{Singh2024,
	title = {A unified approach to demographic data collection for research with young children across diverse cultures},
	author = {Singh, Leher and Barokova, Mihaela D. and Baumgartner, Heidi A. and Lopera-Perez, Diana C. and Omane, Paul Okyere and Sheskin, Mark and Yuen, Francis L. and Wu, Yang and Alcock, Katherine J. and Altmann, Elena C. and Bazhydai, Marina and Carstensen, Alexandra and Chan, Kin Chung Jacky and Chuan-Peng, Hu and Dal Ben, Rodrigo and Franchin, Laura and Kosie, Jessica E. and Lew-Williams, Casey and Okocha, Asana and Reinelt, Tilman and Schuwerk, Tobias and Soderstrom, Melanie and Tsui, Angeline S. M. and Frank, Michael C.},
	journal = {Developmental Psychology},
	volume = {60},
	issue = {3},
	year = {2024},
	doi = {10.1037/dev0001623},
	langid = {en-us}
}

