@Article{kosiezettersten2024,
  title = {ManyBabies 5: A large-scale investigation of the proposed shift from familiarity preference to novelty preference in infant looking time},
  author = {Jessica E. Kosie and Martin Zettersten and et al.},
  journal = {PsyArXiv},
  year = {2024},
  doi = {10.31234/osf.io/ck3vd},
}

@inbook{hunterames,
  title = {A multifactor model of infant preferences for novel and familiar stimuli},
  author = {Michael A. Hunter and Elinor W. Ames},
  year = {1988},
  pages = {69-95},
  publisher = {Ablex Publishing}
}